@article {Iannazzo,
    AUTHOR = {Iannazzo, Bruno and Porcelli, Margherita},
     TITLE = {The {R}iemannian {B}arzilai-{B}orwein method with nonmonotone
              line search and the matrix geometric mean computation},
   JOURNAL = {IMA J. Numer. Anal.},
  FJOURNAL = {IMA Journal of Numerical Analysis},
    VOLUME = {38},
      YEAR = {2018},
    NUMBER = {1},
     PAGES = {495--517},
      ISSN = {0272-4979},
   MRCLASS = {65K10 (65K05)},
  MRNUMBER = {3800030},
MRREVIEWER = {Jan Mach},
       DOI = {10.1093/imanum/drx015},
       URL = {https://doi.org/10.1093/imanum/drx015},
}

@article {Wilson,
  title={Gradient descent in hyperbolic space},
  author={Wilson, Benjamin and Leimeister, Matthias},
  journal={arXiv preprint arXiv:1805.08207},
  year={2018}
}


@InProceedings {Ganea,
  title = 	 {Hyperbolic Entailment Cones for Learning Hierarchical Embeddings},
  author =       {Ganea, Octavian and Becigneul, Gary and Hofmann, Thomas},
  booktitle = 	 {Proceedings of the 35th International Conference on Machine Learning},
  pages = 	 {1646--1655},
  year = 	 {2018},
  editor = 	 {Dy, Jennifer and Krause, Andreas},
  volume = 	 {80},
  series = 	 {Proceedings of Machine Learning Research},
  month = 	 {10--15 Jul},
  publisher =    {PMLR},
  pdf = 	 {http://proceedings.mlr.press/v80/ganea18a/ganea18a.pdf},
  url = 	 {http://proceedings.mlr.press/v80/ganea18a.html},
}

@article {Nickel,
  title={Poincar{\'e} embeddings for learning hierarchical representations},
  author={Nickel, Maximillian and Kiela, Douwe},
  journal={Advances in neural information processing systems},
  volume={30},
  pages={6338--6347},
  year={2017}
}

@book {Absil,
    AUTHOR = {Absil, P.-A. and Mahony, R. and Sepulchre, R.},
     TITLE = {Optimization algorithms on matrix manifolds},
      NOTE = {With a foreword by Paul Van Dooren},
 PUBLISHER = {Princeton University Press, Princeton, NJ},
      YEAR = {2008},
     PAGES = {xvi+224},
      ISBN = {978-0-691-13298-3},
   MRCLASS = {90-02 (58E17 90C30 90C52)},
  MRNUMBER = {2364186},
MRREVIEWER = {Anders Linn\'{e}r},
       DOI = {10.1515/9781400830244},
       URL = {https://doi.org/10.1515/9781400830244},
}

@misc {GeoOpt,
  title        = "Geoopt, Python library for manifold optimization",
  annote       = "\url{https://geoopt.readthedocs.io/en/latest/}. Visitato il 30 giugno 2021."
}

@misc {ManOpt,
  title        = "Manopt, Python library for manifold optimization",
  annote       = "\url{https://www.manopt.org/}. Visitato il 30 giugno 2021."
}